@online{Virt,
    title = "LASS (Laboratory fo Advanced Software Systems)",
    url = "http://lass.cs.umass.edu/~shenoy/courses/spring11/lectures/Lec05.pdf"
}

@online{VMSW,
    title = "Virtual Machine. Wikipedia, the free encyclopedia.",
    url = "https://en.wikipedia.org/wiki/Virtual_machine"
}


